% Encoding: UTF-8
@BOOK{Pravidla,
  author =       "Zdeněk Hlavsa and others",
  title =        "{\it Pravidla českého pravopisu}",
  publisher =    "Academia",
  year =         "2005",
  isbn =         "80-200-1327-X",
}

@MISC{citace,
  author =       "Zdena Rábová and Petr Hanáček and Petr Peringer and Petr Přikryl and Bohuslav Křena",
  title =        "{\it Pravidla pro bibliografické citace}",
  howpublished = "FIT VUT v Brně",
  year =         "2014",
  month =        Mar,
  url =          "http://www.fit.vutbr.cz/info/szz/bib_citace.html",
  note =         "[Online; navštíveno 12.07.2016]"
}

@Article{googleAttention,
  author        = {Ashish Vaswani and Noam Shazeer and Niki Parmar and Jakob Uszkoreit and Llion Jones and Aidan N. Gomez and Lukasz Kaiser and Illia Polosukhin},
  title         = {Attention Is All You Need},
  journal       = {CoRR},
  year          = {2017},
  volume        = {abs/1706.03762},
  archiveprefix = {arXiv},
  bibsource     = {dblp computer science bibliography, http://dblp.org},
  biburl        = {http://dblp.org/rec/bib/journals/corr/VaswaniSPUJGKP17},
  eprint        = {1706.03762},
  timestamp     = {Mon, 03 Jul 2017 13:29:02 +0200},
  url           = {http://arxiv.org/abs/1706.03762},
}

@Article{attention,
  author        = {Dzmitry Bahdanau and Kyunghyun Cho and Yoshua Bengio},
  title         = {Neural Machine Translation by Jointly Learning to Align and Translate},
  journal       = {CoRR},
  year          = {2014},
  volume        = {abs/1409.0473},
  archiveprefix = {arXiv},
  bibsource     = {dblp computer science bibliography, http://dblp.org},
  biburl        = {http://dblp.org/rec/bib/journals/corr/BahdanauCB14},
  eprint        = {1409.0473},
  timestamp     = {Wed, 07 Jun 2017 14:40:19 +0200},
  url           = {http://arxiv.org/abs/1409.0473},
}

@Article{googleLimits,
  author        = {Rafal J{\'{o}}zefowicz and Oriol Vinyals and Mike Schuster and Noam Shazeer and Yonghui Wu},
  title         = {Exploring the Limits of Language Modeling},
  journal       = {CoRR},
  year          = {2016},
  volume        = {abs/1602.02410},
  archiveprefix = {arXiv},
  bibsource     = {dblp computer science bibliography, http://dblp.org},
  biburl        = {http://dblp.org/rec/bib/journals/corr/JozefowiczVSSW16},
  eprint        = {1602.02410},
  timestamp     = {Wed, 07 Jun 2017 14:42:03 +0200},
  url           = {http://arxiv.org/abs/1602.02410},
}

@Article{googleBridgingGap,
  author        = {Yonghui Wu and Mike Schuster and Zhifeng Chen and Quoc V. Le and Mohammad Norouzi and Wolfgang Macherey and Maxim Krikun and Yuan Cao and Qin Gao and Klaus Macherey and Jeff Klingner and Apurva Shah and Melvin Johnson and Xiaobing Liu and Lukasz Kaiser and Stephan Gouws and Yoshikiyo Kato and Taku Kudo and Hideto Kazawa and Keith Stevens and George Kurian and Nishant Patil and Wei Wang and Cliff Young and Jason Smith and Jason Riesa and Alex Rudnick and Oriol Vinyals and Greg Corrado and Macduff Hughes and Jeffrey Dean},
  title         = {Google's Neural Machine Translation System: Bridging the Gap between Human and Machine Translation},
  journal       = {CoRR},
  year          = {2016},
  volume        = {abs/1609.08144},
  archiveprefix = {arXiv},
  bibsource     = {dblp computer science bibliography, http://dblp.org},
  biburl        = {http://dblp.org/rec/bib/journals/corr/WuSCLNMKCGMKSJL16},
  eprint        = {1609.08144},
  timestamp     = {Wed, 07 Jun 2017 14:41:00 +0200},
  url           = {http://arxiv.org/abs/1609.08144},
}

@Article{encoderDecoder,
  author        = {Kyunghyun Cho and Bart van Merrienboer and {\c{C}}aglar G{\"{u}}l{\c{c}}ehre and Fethi Bougares and Holger Schwenk and Yoshua Bengio},
  title         = {Learning Phrase Representations using {RNN} Encoder-Decoder for Statistical Machine Translation},
  journal       = {CoRR},
  year          = {2014},
  volume        = {abs/1406.1078},
  archiveprefix = {arXiv},
  bibsource     = {dblp computer science bibliography, http://dblp.org},
  biburl        = {http://dblp.org/rec/bib/journals/corr/ChoMGBSB14},
  eprint        = {1406.1078},
  timestamp     = {Wed, 07 Jun 2017 14:43:08 +0200},
  url           = {http://arxiv.org/abs/1406.1078},
}

@Article{LSTM,
  author     = {Hochreiter, Sepp and Schmidhuber, J\"{u}rgen},
  title      = {Long Short-Term Memory},
  journal    = {Neural Comput.},
  year       = {1997},
  volume     = {9},
  number     = {8},
  pages      = {1735--1780},
  month      = nov,
  issn       = {0899-7667},
  acmid      = {1246450},
  address    = {Cambridge, MA, USA},
  doi        = {10.1162/neco.1997.9.8.1735},
  issue_date = {November 15, 1997},
  numpages   = {46},
  publisher  = {MIT Press},
  url        = {http://dx.doi.org/10.1162/neco.1997.9.8.1735},
}

@InProceedings{moses,
  author    = {Koehn, Philipp and Hoang, Hieu and Birch, Alexandra and Callison-Burch, Chris and Federico, Marcello and Bertoldi, Nicola and Cowan, Brooke and Shen, Wade and Moran, Christine and Zens, Richard and Dyer, Chris and Bojar, Ond\v{r}ej and Constantin, Alexandra and Herbst, Evan},
  title     = {Moses: Open Source Toolkit for Statistical Machine Translation},
  booktitle = {Proceedings of the 45th Annual Meeting of the ACL on Interactive Poster and Demonstration Sessions},
  year      = {2007},
  series    = {ACL '07},
  pages     = {177--180},
  address   = {Stroudsburg, PA, USA},
  publisher = {Association for Computational Linguistics},
  acmid     = {1557821},
  location  = {Prague, Czech Republic},
  numpages  = {4},
  url       = {http://dl.acm.org/citation.cfm?id=1557769.1557821},
}

@Article{nmtTutorial,
  author        = {Graham Neubig},
  title         = {Neural Machine Translation and Sequence-to-sequence Models: {A} Tutorial},
  journal       = {CoRR},
  year          = {2017},
  volume        = {abs/1703.01619},
  archiveprefix = {arXiv},
  bibsource     = {dblp computer science bibliography, http://dblp.org},
  biburl        = {http://dblp.org/rec/bib/journals/corr/Neubig17},
  eprint        = {1703.01619},
  timestamp     = {Wed, 07 Jun 2017 14:40:22 +0200},
  url           = {http://arxiv.org/abs/1703.01619},
}

@Article{seq2seq,
  author        = {Ilya Sutskever and Oriol Vinyals and Quoc V. Le},
  title         = {Sequence to Sequence Learning with Neural Networks},
  journal       = {CoRR},
  year          = {2014},
  volume        = {abs/1409.3215},
  archiveprefix = {arXiv},
  bibsource     = {dblp computer science bibliography, http://dblp.org},
  biburl        = {http://dblp.org/rec/bib/journals/corr/SutskeverVL14},
  eprint        = {1409.3215},
  timestamp     = {Wed, 07 Jun 2017 14:40:10 +0200},
  url           = {http://arxiv.org/abs/1409.3215},
}

@PhdThesis{nmtThesis,
  author = {Minh-Thang Luong},
  title  = {NEURAL MACHINE TRANSLATION},
  school = {STANFORD UNIVERSITY},
  year   = {2016},
  url    = {https://github.com/lmthang/thesis},
}

@Article{googleSeq2seqTutorial,
  author  = {Minh{-}Thang Luong and Eugene Brevdo and Rui Zhao},
  title   = {Neural Machine Translation (seq2seq) Tutorial},
  journal = {https://github.com/tensorflow/nmt},
  year    = {2017},
  url     = {https://github.com/tensorflow/nmt},
}

@Misc{kerasSeq2seq,
  author = {Francois Chollet},
  title  = {A ten-minute introduction to sequence-to-sequence learning in Keras},
  month  = sep,
  year   = {2017},
  note   = {[Online; navštíveno 25.11.2017]},
  url    = {https://blog.keras.io/a-ten-minute-introduction-to-sequence-to-sequence-learning-in-keras.html},
}

@Comment{jabref-meta: databaseType:bibtex;}
